@misc{tim-hieu-hog,
	title = {Tìm hiểu về hog(histogram of oriented gradients)},
	url = {https://viblo.asia/p/tim-hieu-ve-hoghistogram-of-oriented-gradients-m68Z0wL6KkG},
	howpublished = "\url{https://viblo.asia/p/tim-hieu-ve-hoghistogram-of-oriented-gradients-m68Z0wL6KkG}"
}

@misc{human-detection-opencv,
	title = {{Pedestrian Detection OpenCV - PyImageSearch}},
	url = {https://www.pyimagesearch.com/2015/11/09/pedestrian-detection-opencv},
	howpublished = "\url{https://www.pyimagesearch.com/2015/11/09/pedestrian-detection-opencv}"
}

@misc{detectmultiscale-params,
	title = {{HOG detectMultiScale parameters explained - PyImageSearch}},
	url = {https://www.pyimagesearch.com/2015/11/16/hog-detectmultiscale-parameters-explained},
	howpublished = "\url{https://www.pyimagesearch.com/2015/11/16/hog-detectmultiscale-parameters-explained}"
}

@misc{hog-human-detection,
	title = {{Histogram of Oriented Gradients and Object Detection - PyImageSearch}},
	url = {https://www.pyimagesearch.com/2014/11/10/histogram-oriented-gradients-object-detection},
	howpublished = "\url{https://www.pyimagesearch.com/2014/11/10/histogram-oriented-gradients-object-detection}"
}

@misc{slide, 
    title = {{Slide Xử lý ảnh, PGS.TS Nguyễn Thị Hoàng Lan.}}
}

@misc{bookhvbc, 
    title = {{Xử lý ảnh, Học viện công nghệ bưu chính viễn thông, 2006.}}
}
